<record><leader>00000cas a22000001a 4500</leader><controlfield tag="001">31856376</controlfield><controlfield tag="007">hd bfb018baca</controlfield><controlfield tag="007">hd bfb018baaa</controlfield><controlfield tag="008">950119c19829999nyuwr nea     0   a0eng c</controlfield><datafield ind1=" " ind2=" " tag="010"><subfield code="a">sn 94080708 </subfield></datafield><datafield ind1=" " ind2=" " tag="040"><subfield code="a">NN</subfield><subfield code="b">eng</subfield><subfield code="c">RQM</subfield><subfield code="d">OCLCQ</subfield><subfield code="d">OCLCF</subfield><subfield code="d">OCLCO</subfield></datafield><datafield ind1=" " ind2=" " tag="012"><subfield code="i">9410</subfield></datafield><datafield ind1="0" ind2=" " tag="022"><subfield code="a">0745-5356</subfield><subfield code="l">0745-5356</subfield><subfield code="y">0021-6852</subfield><subfield code="2">1</subfield></datafield><datafield ind1="1" ind2=" " tag="029"><subfield code="a">AU@</subfield><subfield code="b">000024761254</subfield></datafield><datafield ind1=" " ind2=" " tag="032"><subfield code="a">030330</subfield><subfield code="b">USPS</subfield></datafield><datafield ind1=" " ind2=" " tag="037"><subfield code="b">Jewish Week, 1 Park Ave., New York, NY 10016</subfield></datafield><datafield ind1=" " ind2=" " tag="042"><subfield code="a">pcc</subfield></datafield><datafield ind1=" " ind2=" " tag="043"><subfield code="a">n-us-ny</subfield></datafield><datafield ind1="0" ind2=" " tag="082"><subfield code="a">909/.04924/005</subfield><subfield code="2">19</subfield></datafield><datafield ind1="0" ind2=" " tag="210"><subfield code="a">N.Y. Jew. week</subfield></datafield><datafield ind1=" " ind2="4" tag="222"><subfield code="a">The New York Jewish week</subfield></datafield><datafield ind1="0" ind2="4" tag="245"><subfield code="a">The New York Jewish week</subfield><subfield code="h">[microform].</subfield></datafield><datafield ind1="1" ind2="7" tag="246"><subfield code="a">Jewish week</subfield></datafield><datafield ind1=" " ind2=" " tag="260"><subfield code="a">New York, N.Y. :</subfield><subfield code="b">Jewish Week and the American Examiner,</subfield><subfield code="c">1982-</subfield></datafield><datafield ind1=" " ind2=" " tag="300"><subfield code="a">v. :</subfield><subfield code="b">ill. ;</subfield><subfield code="c">38 cm.</subfield></datafield><datafield ind1=" " ind2=" " tag="310"><subfield code="a">Weekly</subfield></datafield><datafield ind1="0" ind2=" " tag="362"><subfield code="a">Vol. 195, no. 10 (July 30, 1982)-</subfield></datafield><datafield ind1=" " ind2=" " tag="500"><subfield code="a">Title from caption.</subfield></datafield><datafield ind1=" " ind2=" " tag="515"><subfield code="a">Some issues lack volume numbering.</subfield></datafield><datafield ind1=" " ind2=" " tag="515"><subfield code="a">Some issues carry also the date of the Jewish calendar.</subfield></datafield><datafield ind1=" " ind2=" " tag="533"><subfield code="a">Microfilm.</subfield><subfield code="m">v.195-204 (1982-1992) On film with related titles.</subfield><subfield code="b">New York :</subfield><subfield code="c">New York Public Library,</subfield><subfield code="d">[19--].</subfield><subfield code="e">35 microfilm reels ; 35 mm.</subfield></datafield><datafield ind1=" " ind2="0" tag="650"><subfield code="a">Jewish newspapers</subfield><subfield code="z">United States.</subfield></datafield><datafield ind1=" " ind2="4" tag="651"><subfield code="a">New York (N.Y.)</subfield><subfield code="x">Ethnic relations</subfield><subfield code="v">Newspapers.</subfield></datafield><datafield ind1=" " ind2="7" tag="650"><subfield code="a">Jewish newspapers.</subfield><subfield code="2">fast</subfield><subfield code="0">(OCoLC)fst00982872</subfield></datafield><datafield ind1=" " ind2="7" tag="651"><subfield code="a">United States.</subfield><subfield code="2">fast</subfield><subfield code="0">(OCoLC)fst01204155</subfield></datafield><datafield ind1=" " ind2=" " tag="752"><subfield code="a">United States</subfield><subfield code="b">New York</subfield><subfield code="c">New York</subfield><subfield code="d">New York.</subfield></datafield><datafield ind1="1" ind2=" " tag="776"><subfield code="c">Original</subfield><subfield code="w">(DLC)   83642782</subfield></datafield><datafield ind1="0" ind2="0" tag="780"><subfield code="t">New York Jewish week and the American examiner</subfield><subfield code="x">0737-352X</subfield><subfield code="w">(DLC)sn 87018442</subfield></datafield><datafield ind1=" " ind2=" " tag="850"><subfield code="a">NN</subfield><subfield code="a">NN (master)</subfield></datafield></record>